<?xml version="1.0" encoding="UTF-8"?>
<record xmlns="http://www.loc.gov/MARC21/slim" xmlns:xsi="http://www.w3.org/2001/XMLSchema-instance" xsi:schemaLocation="http://www.loc.gov/MARC21/slim http://www.loc.gov/standards/marcxml/schema/MARC21slim.xsd">
<leader>     cam a2200229 a 4500</leader>
<controlfield tag="001">002120593</controlfield>
<controlfield tag="003">NNU</controlfield>
<controlfield tag="005">19940727101330.0</controlfield>
<controlfield tag="008">940727s1900    ua            000 0 ara d</controlfield>
<datafield tag="035" ind1="9" ind2=" ">
<subfield code="a">NYUb11096576</subfield>
</datafield>
<datafield tag="035" ind1=" " ind2=" ">
<subfield code="a">(CStRLIN)NYUG94-B3611</subfield>
</datafield>
<datafield tag="040" ind1=" " ind2=" ">
<subfield code="a">NNU</subfield>
<subfield code="c">NNU</subfield>
</datafield>
<datafield tag="090" ind1=" " ind2=" ">
<subfield code="a">PJ6106</subfield>
<subfield code="b">.A37 1900</subfield>
<subfield code="i">07/27/94 T</subfield>
<subfield code="h">01/25/94 CT</subfield>
</datafield>
<datafield tag="100" ind1="0" ind2=" ">
<subfield code="a">Aḥmad ibn Hārūn.</subfield>
</datafield>
<datafield tag="240" ind1="1" ind2="0">
<subfield code="a">Sharḥ al-lafẓ al-lāʼiq wa-al-maʻná al-rāʼiq fī al-alghāz al-lughawīyah</subfield>
</datafield>
<datafield tag="245" ind1="1" ind2="0">
<subfield code="a">Kitāb sharḥ al-lafẓ al-lāʼiq wa-al-maʻná al-rāʼiq fī al-alghāz al-lughawīyah /</subfield>
<subfield code="c">li-Abī Bakr Shihāb al-Dīn Aḥmad ibn Hārūn.</subfield>
</datafield>
<datafield tag="260" ind1=" " ind2=" ">
<subfield code="a">Miṣr :</subfield>
<subfield code="b">Maṭbaʻat al-Mawsūʻāt,</subfield>
<subfield code="c">1900.</subfield>
</datafield>
<datafield tag="300" ind1=" " ind2=" ">
<subfield code="a">64 p. ;</subfield>
<subfield code="c">20 cm.</subfield>
</datafield>
<datafield tag="650" ind1=" " ind2="0">
<subfield code="a">Arabic language</subfield>
<subfield code="x">Grammar.</subfield>
</datafield>
<datafield tag="740" ind1="0" ind2="1">
<subfield code="a">Sharḥ al-lafẓ al-lāʼiq wa-al-maʻná al-rāʼiq fī al-alghāz al-lughawīyah.</subfield>
</datafield>
<datafield tag="OWN" ind1=" " ind2=" ">
<subfield code="a">GENERAL</subfield>
</datafield>
<datafield tag="950" ind1=" " ind2=" ">
<subfield code="l">BMAIN</subfield>
<subfield code="h">01/25/94 C</subfield>
</datafield>
<datafield tag="955" ind1=" " ind2=" ">
<subfield code="l">BMAIN</subfield>
<subfield code="c">1</subfield>
<subfield code="r">016994751</subfield>
<subfield code="h">01/25/94 C</subfield>
</datafield>
<datafield tag="998" ind1=" " ind2=" ">
<subfield code="a">07/27/94</subfield>
<subfield code="t">c</subfield>
<subfield code="s">9114</subfield>
<subfield code="n">NNU</subfield>
<subfield code="w">NYUG94B3611</subfield>
<subfield code="d">01/25/94</subfield>
<subfield code="c">MG</subfield>
<subfield code="b">ZPJ</subfield>
<subfield code="i">940727</subfield>
<subfield code="h">940125</subfield>
<subfield code="l">NYUG</subfield>
</datafield>
<datafield tag="AVA" ind1=" " ind2=" ">
<subfield code="a">NYU50</subfield>
<subfield code="b">BOBST</subfield>
<subfield code="c">Main Collection</subfield>
<subfield code="d">PJ6106 .A37 1900</subfield>
<subfield code="e">unavailable</subfield>
<subfield code="t">Unavailable</subfield>
<subfield code="f">1</subfield>
<subfield code="g">1</subfield>
<subfield code="h">N</subfield>
<subfield code="i">0</subfield>
<subfield code="j">MAIN</subfield>
</datafield>
</record>
